<?xml version="1.0" encoding="UTF-8"?><record xmlns="http://www.loc.gov/MARC21/slim" xmlns:cinclude="http://apache.org/cocoon/include/1.0" xmlns:zs="http://www.loc.gov/zing/srw/">
  <leader>00334nz  a2200121n  4500</leader>
  <controlfield tag="001">nr2002015428</controlfield>
  <controlfield tag="003">DLC</controlfield>
  <controlfield tag="005">20020424033117.0</controlfield>
  <controlfield tag="008">020419n| acannaabn          |n aaa     c</controlfield>
  <datafield tag="010" ind1=" " ind2=" ">
    <subfield code="a">nr2002015428</subfield>
  </datafield>
  <datafield tag="040" ind1=" " ind2=" ">
    <subfield code="a">CSt-Law</subfield>
    <subfield code="b">eng</subfield>
    <subfield code="c">CSt-Law</subfield>
  </datafield>
  <datafield tag="100" ind1="1" ind2=" ">
    <subfield code="a">Jensen, Vibeke</subfield>
  </datafield>
  <datafield tag="670" ind1=" " ind2=" ">
    <subfield code="a">Governance by legal and economic measures, 1993:</subfield>
    <subfield code="b">t.p. (Vibeke Jensen)</subfield>
  </datafield>
</record>